

@inproceedings{bibtex_key,
  author = {Last, First},
  booktitle = {Conference Name},
  title = {Paper Title},
  year = {Year}
}